# % Put you own bibliography entries in this file
# @article{Aad:2016zzw,
#       author         = "{ATLAS Collaboration}",
#       title          = "{Measurement of the double-differential high-mass
#                         Drell-Yan cross section in pp collisions at $ \sqrt{s}=8 $
#                         TeV with the ATLAS detector}",
#       collaboration  = "ATLAS",
#       journal        = "JHEP",
#       volume         = "08",
#       year           = "2016",
#       pages          = "009",
#       doi            = "10.1007/JHEP08(2016)009",
#       eprint         = "1606.01736",
#       archivePrefix  = "arXiv",
#       primaryClass   = "hep-ex",
#       reportNumber   = "CERN-EP-2016-079",
#       SLACcitation   = "%%CITATION = ARXIV:1606.01736;%%"
# }

# ==================================================
# Sources for ATLAS section
# ==================================================

@Booklet{atlasFacts,
    title          = "ATLAS Fact Sheet",
    author         = "ATLAS Outreach",
    year           = "2010",
    url=https://cds.cern.ch/record/1457044/,
}

@Booklet{grupen,
    title          = "Particle Detectors: Second Edition",
    author         = "{Glaus Grupen and Boris Shwartz}",
    year           = "2008",
    publisher = {Cambridge University Press},
}

@article{larTdr,
    title = "ATLAS Liquid-Argon Calorimeter : Technical Design Report"
    author = "ATLAS LARG Unit",
    date="15 December 1996",
}

@article{lar,
    title = "The ATLAS Liquid Argon calorimeter: An overview"
    author = "Henric Wilkens and the ATLAS LArg Collaboration",
    date="2009",
    journal="J. Phys.: Conf. Ser. 160",
}

@article{tile,
    title = "The ATLAS Tile Calorimeter"
    author = "A. Henriques",
    date="27 March 2015",
    url="https://cds.cern.ch/record/2004868",
}

@article{triggerTdr,
    title = "Level-1 Trigger : Technical Design Report"
    author = "ATLAS Level-1 Trigger Group",
    date="20 August 1998",
}

@article{muonTdr,
    title = "ATLAS muon spectrometer : Technical Design Report"
    author = "ATLAS Muon Collaboration",
    date="5 June 1997",
}

@article{tileTdr,
    title = "ATLAS Tile Calorimeter : Technical Design Report"
    author = "ATLAS/Tile Calorimeter Collaboration",
    date="15 December 1996",
}

@article{trt,
    title = "ATLAS Transition Radiation Tracker (TRT): Straw Tube Gaseous Detectors at High Rates"
    author = "Adrian Vogel",
    date="05 Apr 2013",
    journal = "13th Vienna Conference on Instrumentation, Vienna, Austria, 11 - 15 Feb 2013"
}

@article{sct,
    title = "ATLAS silicon microstrip detector system (SCT)"
    author = "Y. Unno",
    journal = "Nuclear Instruments and Methods in Physics Research A 511 (2003) 58?63"
}

@article{magnetTdr,
    title = "ATLAS magnet system : Technical Design Report, 1"
    author = "{ATLAS Collaboration}",
    journal = "Geneva : CERN, 1997"
    url = "https://cds.cern.ch/record/338080"
}

@article{pixel,
    title = "Monitoring the Radiation Damage of the ATLAS Pixel Detector"
    author = "{ATLAS Collaboration}",
    date="14 June 2012",
    url="https://cds.cern.ch/record/1455939/files/ATL-INDET-PROC-2012-011.pdf"
}

@article{idTdr,
    title = "ATLAS inner detector : Technical Design Report, 1"
    author = "{ATLAS Collaboration}",
    journal = "Geneva : CERN, 1997"
    url="https://cds.cern.ch/record/331063"
}

# ==================================================
# Pheno
# ==================================================
@article{higgsCross,
    title = "Handbook of LHC Higgs Cross Sections: 4. Deciphering the Nature of the Higgs Sector",
    author = LHC Higgs Cross Section Working Group,
    journal = CERN-2017-002-M,
}
@article{drellYan,
    title = "Massive Lepton-Pair Production in Hadron-Hadron Collisions at High Energies",
    author = Sidney D. Drell and Tung-Mow Yan,
    date=3 August 1970,
    journal = "Phys. Rev. Lett. 25, 316",
}

# ==================================================
# Generators
# ==================================================
% Powheg-Box
@Article{Alioli:2010xd,
      author         = "Alioli, Simone and Nason, Paolo and Oleari, Carlo and Re,
                        Emanuele",
      title          = "{A general framework for implementing NLO calculations in
                        shower Monte Carlo programs: the POWHEG BOX}",
      journal        = "JHEP",
      volume         = "06",
      pages          = "043",
      doi            = "10.1007/JHEP06(2010)043",
      year           = "2010",
      eprint         = "1002.2581",
      archivePrefix  = "arXiv",
      primaryClass   = "hep-ph",
}
% Sherpa
@Article{Gleisberg:2008ta,
      author         = "Gleisberg, T. and H{\"o}che, S. and Krauss, F. and Sch{\"o}nherr, M. and Schumann, S. and others",
      title          = "{Event generation with SHERPA 1.1}",
      journal        = "JHEP",
      volume         = "02",
      pages          = "007",
      doi            = "10.1088/1126-6708/2009/02/007",
      year           = "2009",
      eprint         = "0811.4622",
      archivePrefix  = "arXiv",
      primaryClass   = "hep-ph",
}
% MadGraph5 v2.X / MadGraph5_aMCatNLO, for hmm DY
@Article{Alwall:2014hca,
      author         = "Alwall, J. and Frederix, R. and Frixione, S. and Hirschi,
                        V. and Maltoni, F. and Mattelaer, O. and Shao, H. -S. and
                        Stelzer, T. and Torrielli, P. and Zaro, M.",
      title          = "{The automated computation of tree-level and
                        next-to-leading order differential cross sections, and
                        their matching to parton shower simulations}",
      journal        = "JHEP",
      volume         = "07",
      year           = "2014",
      pages          = "079",
      doi            = "10.1007/JHEP07(2014)079",
      eprint         = "1405.0301",
      archivePrefix  = "arXiv",
      primaryClass   = "hep-ph",
      reportNumber   = "CERN-PH-TH-2014-064, CP3-14-18, LPN14-066, MCNET-14-09,
                        ZU-TH-14-14",
      SLACcitation   = "%%CITATION = ARXIV:1405.0301;%%"
}
% Powheg, for hmm
@Article{Frixione:2007vw,
      author         = "Frixione, Stefano and Nason, Paolo and Oleari, Carlo",
      title          = "{Matching NLO QCD computations with parton shower
                        simulations: the POWHEG method}",
      journal        = "JHEP",
      volume         = "11",
      pages          = "070",
      doi            = "10.1088/1126-6708/2007/11/070",
      year           = "2007",
      eprint         = "0709.2092",
      archivePrefix  = "arXiv",
      primaryClass   = "hep-ph",
}
% MadGraph5 v2.X / MadGraph5_aMCatNLO
@Article{Alwall:2014hca,
      author         = "Alwall, J. and Frederix, R. and Frixione, S. and Hirschi,
                        V. and Maltoni, F. and Mattelaer, O. and Shao, H. -S. and
                        Stelzer, T. and Torrielli, P. and Zaro, M.",
      title          = "{The automated computation of tree-level and
                        next-to-leading order differential cross sections, and
                        their matching to parton shower simulations}",
      journal        = "JHEP",
      volume         = "07",
      year           = "2014",
      pages          = "079",
      doi            = "10.1007/JHEP07(2014)079",
      eprint         = "1405.0301",
      archivePrefix  = "arXiv",
      primaryClass   = "hep-ph",
      reportNumber   = "CERN-PH-TH-2014-064, CP3-14-18, LPN14-066, MCNET-14-09,
                        ZU-TH-14-14",
      SLACcitation   = "%%CITATION = ARXIV:1405.0301;%%"
}
% Top++
@article{Czakon:2011xx,
  author         = "Czakon, Michal and Mitov, Alexander",
  title          = "{Top++: A Program for the Calculation of the Top-Pair
                    Cross-Section at Hadron Colliders}",
  journal        = "Comput. Phys. Commun.",
  volume         = "185",
  year           = "2014",
  pages          = "2930",
  doi            = "10.1016/j.cpc.2014.06.021",
  eprint         = "1112.5675",
  archivePrefix  = "arXiv",
  primaryClass   = "hep-ph",
  reportNumber   = "CERN-PH-TH-2011-303, TTK-11-58",
}
@article{Kidonakis:2011wy,
      author         = "Kidonakis, Nikolaos",
      title          = "{Next-to-next-to-leading-order collinear and soft gluon
                        corrections for t-channel single top quark production}",
      journal        = "Phys. Rev.",
      volume         = "D83",
      year           = "2011",
      pages          = "091503",
      doi            = "10.1103/PhysRevD.83.091503",
      eprint         = "1103.2792",
      archivePrefix  = "arXiv",
      primaryClass   = "hep-ph",
      SLACcitation   = "%%CITATION = ARXIV:1103.2792;%%"
}
@Booklet{ATL-PHYS-PUB-2017-005,
    author         = "{ATLAS Collaboration}",
    title          = "{Multi-Boson Simulation for 13 TeV ATLAS Analyses}",
    howpublished   = "{ATL-PHYS-PUB-2017-005}",
    url            = "https://cds.cern.ch/record/2261933",
    year           = "2017",
}
@article{Kidonakis:2010ux,
      author         = "Kidonakis, Nikolaos",
      title          = "{Two-loop soft anomalous dimensions for single top quark
                        associated production with a W- or H-}",
      journal        = "Phys. Rev.",
      volume         = "D82",
      year           = "2010",
      pages          = "054018",
      doi            = "10.1103/PhysRevD.82.054018",
      eprint         = "1005.4451",
      archivePrefix  = "arXiv",
      primaryClass   = "hep-ph",
      SLACcitation   = "%%CITATION = ARXIV:1005.4451;%%"
}
@Booklet{ATL-PHYS-PUB-2014-021,
    author         = "{ATLAS Collaboration}",
    title          = "{ATLAS Pythia~8 tunes to 7~TeV data}",
    howpublished   = "{ATL-PHYS-PUB-2014-021}",
    url            = "https://cds.cern.ch/record/1966419",
    year           = "2014",
}
@article{Artoisenet:2012st,
      author         = "Artoisenet, Pierre and Frederix, Rikkert and Mattelaer,
                        Olivier and Rietkerk, Robbert",
      title          = "{Automatic spin-entangled decays of heavy resonances in
                        Monte Carlo simulations}",
      journal        = "JHEP",
      volume         = "03",
      year           = "2013",
      pages          = "015",
      doi            = "10.1007/JHEP03(2013)015",
      eprint         = "1212.3460",
      archivePrefix  = "arXiv",
      primaryClass   = "hep-ph",
      reportNumber   = "NIKHEF-2012-021, CERN-PH-TH-2012-329",
      SLACcitation   = "%%CITATION = ARXIV:1212.3460;%%"
}
@article{Stump:2003yu,
      author         = "Stump, Daniel and Huston, Joey and Pumplin, Jon and Tung,
                        Wu-Ki and Lai, H. L. and Kuhlmann, Steve and Owens, J. F.",
      title          = "{Inclusive jet production, parton distributions, and the
                        search for new physics}",
      journal        = "JHEP",
      volume         = "10",
      year           = "2003",
      pages          = "046",
      doi            = "10.1088/1126-6708/2003/10/046",
      eprint         = "hep-ph/0303013",
      archivePrefix  = "arXiv",
      reportNumber   = "MSU-HEP-030303",
      SLACcitation   = "%%CITATION = HEP-PH/0303013;%%"
}
@article{Arbuzov:2012dx,
      author         = "Arbuzov, A. B. and Sadykov, R. R. and Was, Z.",
      title          = "{QED Bremsstrahlung in decays of electroweak bosons}",
      journal        = "Eur. Phys. J.",
      volume         = "C 73",
      year           = "2013",
      number         = "11",
      pages          = "2625",
      doi            = "10.1140/epjc/s10052-013-2625-1",
      eprint         = "1212.6783",
      archivePrefix  = "arXiv",
      primaryClass   = "hep-ph",
      reportNumber   = "IFJPAN-IV-2012-14, CERN-PH-TH-2012-354",
      SLACcitation   = "%%CITATION = ARXIV:1212.6783;%%"
}
@article{Golonka:2005pn,
      author         = "Golonka, Piotr and Was, Zbigniew",
      title          = "{PHOTOS Monte Carlo: a precision tool for QED corrections
                        in $Z$ and $W$ decays}",
      journal        = "Eur. Phys. J. C",
      volume         = "45",
      year           = "2006",
      pages          = "97-107",
      doi            = "10.1140/epjc/s2005-02396-4",
      eprint         = "hep-ph/0506026",
      archivePrefix  = "arXiv",
      reportNumber   = "IFJPAN-V-05-01, CERN-PH-TH-2005-091",
      SLACcitation   = "%%CITATION = HEP-PH/0506026;%%"
}
% NNPDF 3.0 PDFs
@article{Ball:2014uwa,
      author         = "Ball, Richard D. and others",
      title          = "{Parton distributions for the LHC Run II}",
      collaboration  = "NNPDF",
      journal        = "JHEP",
      volume         = "04",
      year           = "2015",
      pages          = "040",
      doi            = "10.1007/JHEP04(2015)040",
      eprint         = "1410.8849",
      archivePrefix  = "arXiv",
      primaryClass   = "hep-ph",
      reportNumber   = "EDINBURGH-2014-15, IFUM-1034-FT, CERN-PH-TH-2013-253,
                        OUTP-14-11P, CAVENDISH-HEP-14-11",
      SLACcitation   = "%%CITATION = ARXIV:1410.8849;%%"
}
% Used by NR
@article{ct10,
author         = "Lai, Hung-Liang and others",
title          = "{New parton distributions for collider physics}",
journal        = "Phys. Rev. D",
volume         = "82",
pages          = "074024",
doi            = "10.1103/PhysRevD.82.074024",
year           = "2010",
eprint         = "1007.2241",
archivePrefix  = "arXiv",
primaryClass   = "hep-ph",
reportNumber   = "MSUHEP-100707, SMU-HEP-10-10",
SLACcitation   = "%%CITATION = ARXIV:1007.2241;%%",
}
% NNPDF 2.3 PDFs
@article{Ball:2012cx,
      author         = "Ball, Richard D. and others",
      title          = "{Parton distributions with LHC data}",
      journal        = "Nucl. Phys. B",
      volume         = "867",
      year           = "2013",
      pages          = "244",
      doi            = "10.1016/j.nuclphysb.2012.10.003",
      eprint         = "1207.1303",
      archivePrefix  = "arXiv",
      primaryClass   = "hep-ph",
      reportNumber   = "EDINBURGH-2012-08, IFUM-FT-997, FR-PHENO-2012-014,
                        RWTH-TTK-12-25, CERN-PH-TH-2012-037, SFB-CPP-12-47\,
                        --CERN-PH-TH-2012-037",
      SLACcitation   = "%%CITATION = ARXIV:1207.1303;%%"
}
@article{Hamilton:2013fea,
      author         = "Hamilton, Keith and Nason, Paolo and Re, Emanuele and
                        Zanderighi, Giulia",
      title          = "{NNLOPS simulation of Higgs boson production}",
      journal        = "JHEP",
      volume         = "10",
      year           = "2013",
      pages          = "222",
      doi            = "10.1007/JHEP10(2013)222",
      eprint         = "1309.0017",
      archivePrefix  = "arXiv",
      primaryClass   = "hep-ph",
      reportNumber   = "MCNET-13-11, CERN-PH-TH-2013-205, OUTP-13-18P",
      SLACcitation   = "%%CITATION = ARXIV:1309.0017;%%"
}
@article{pythia8,
author         = "{Sj\"ostrand}, Torbjorn and Mrenna, Stephen and Skands, Peter Z.",
title          = "{A brief introduction to PYTHIA 8.1}",
journal        = "Comput. Phys. Commun.",       volume         = "178",
pages          = "852",
doi            = "10.1016/j.cpc.2008.01.036",
year           = "2008",       eprint         = "0710.3820",
archivePrefix  = "arXiv",
primaryClass   = "hep-ph",
reportNumber   = "CERN-LCGAPP-2007-04, LU-TP-07-28,
                  FERMILAB-PUB-07-512-CD-T",
SLACcitation   = "%%CITATION = ARXIV:0710.3820;%%",
}
@article{Lange:2001uf,
      author         = "Lange, D. J.",
      title          = "{The EvtGen particle decay simulation package}",
      booktitle      = "{Proceedings, 7th International Conference on B physics
                        at hadron machines (BEAUTY 2000): Maagan, Israel,
                        September 13-18, 2000}",
      journal        = "Nucl. Instrum. Meth. A",
      volume         = "462",
      year           = "2001",
      pages          = "152-155",
      doi            = "10.1016/S0168-9002(01)00089-4",
      SLACcitation   = "%%CITATION = NUIMA,A462,152;%%"
}
@article{geant,
author         = "Agostinelli, S. and others",
title          = "{GEANT 4 -- a simulation toolkit}",
collaboration  = "GEANT4",
journal        = "Nucl. Instrum. Meth. A",
volume         = "506",
pages          = "250",
doi            = "10.1016/S0168-9002(03)01368-8",
year           = "2003",
}
@Article{SOFT-2010-01,
    author         = "{ATLAS Collaboration}",
    title          = "{The ATLAS Simulation Infrastructure}",
    journal        = "Eur. Phys. J. C",
    volume         = "70",
    year           = "2010",
    pages          = "823",
    doi            = "10.1140/epjc/s10052-010-1429-9",
    eprint         = "1005.4568",
    archivePrefix  = "arXiv",
    primaryClass   = "physics.ins-det",
}
@article{Butterworth:2015oua,
      author         = "Butterworth, Jon and others",
      title          = "{PDF4LHC recommendations for LHC Run II}",
      journal        = "J. Phys. G",
      volume         = "43",
      year           = "2016",
      pages          = "023001",
      doi            = "10.1088/0954-3899/43/2/023001",
      eprint         = "1510.03865",
      archivePrefix  = "arXiv",
      primaryClass   = "hep-ph",
      reportNumber   = "OUTP-15-17P, SMU-HEP-15-12, TIF-UNIMI-2015-14,
                        LCTS-2015-27, CERN-PH-TH-2015-249",
      SLACcitation   = "%%CITATION = ARXIV:1510.03865;%%"
}

@article{pdg2018,
    title = "The Review of Particle Physics"
    author = M. Tanabashi et al. (Particle Data Group), 
    journal = Phys. Rev. D 98, 030001 (2018)
}

@article{pdg2019,
    title = "The Review of Particle Physics"
    author = M. Tanabashi et al. (Particle Data Group), 
    journal = Phys. Rev. D 98, 030001 (2018) and 2019 update
}


# ==================================================
# Objects and reconstruction
# ==================================================
@article{elecReco,
    title = "Electron reconstruction and identification in the ATLAS experiment using the 2015 and 2016 LHC proton-proton collision data at $\sqrt{s}=13$ TeV"
    author = ATLAS Collaboration,
    date=3 August 2019,
    journal = "Eur. Phys. J. C 79 (2019) 639"
}
@article{muonReco,
    title = "Muon reconstruction performance of the ATLAS detector in proton-proton collision data at $\sqrt{s}=13$ TeV"
    author = ATLAS Collaboration,
    date=Mar 17 2016,
    journal = "Eur.Phys.J.C 76 (2016) 5, 292"
}
@article{jetReco,
    title = "Jet reconstruction and performance using particle flow with the ATLAS Detector"
    author = ATLAS Collaboration,
    date=13 July 2017,
    journal = "Eur. Phys. J. C 77 (2017) 466"
}
@article{antikt,
    title = "The anti-$k_t$ jet clustering algorithm"
    author = ATLAS Collaboration,
    date=16 April 2008,
    journal = "JHEP 0804:063,2008"
}
@article{btag,
    title = "Optimisation of the ATLAS b-tagging performance for the 2016 LHC Run"
    author = ATLAS Collaboration,
    date=13 June 2016,
    journal = "ATL-PHYS-PUB-2016-012"
}
@article{salvucci,
    title = "Measurement of muon momentum resolution of the ATLAS detector"
    author = Antonio Salvucci on behalf of the ATLAS Collaboration,
    date= 06 June 2012,
    journal = "Hadron Collider Physics Symposium, 2011"
}

# ==================================================
# Sources for LHC section
# ==================================================

@article{accelComplex,
    title = "The CERN accelerator complex - 2019"
    author = Esma Mobs,
    date=29 July 2019,
    url = https://cds.cern.ch/record/2684277,
}

@article{schindl,
    title = "The injector Chain for the LHC"
    author = K. Schindl,
    date=31 March 1999,
    journal = Workshop on LEP-SPS Performance, Chamonix IX
}

@article{manglunki,
    title = "The LHC injection chain"
    author = D.Manglunki,
    url = "http://bamboo.pv.infn.it/maccacc/cern/Manglunki-2.pdf"
}

@article{reich,
    title = "THE CERN PROTON SYNCHROTRON BOOSTER"
    author = K.H. Reich,
}

@article{fuchsberger,
    title = "LHC online chromaticity measurement - experience after one year of operation"
    author = K. Fuchsberger, G.H. Hemelsoet
    journal = Proceedings of IBIC2016, Barcelona, Spain
}


@article{freyermuth,
    title = "LHC Report: Imaginative Injectors"
    author = Pierre Freyermuth for the LHC team.
    journal = CERN Bulletin, Issue No. 30-32/2016 - Monday 25 July 2016 \url{https://cds.cern.ch/journal/CERNBulletin/2016/32/News%20Articles/2201549?ln=en}
}

@article{gorzawski,
    title = "Luminosity Anti-leveling with Crossing Angle"
    author = A. Gorzawski, et al
    journal = CERN-ACC-NOTE-2016-0058 October 24 2016
}

@article{lhcRun1,
    title = "Operation and Configuration of the LHC in Run 1"
    author = R. Alemany-Fernandez et al.
    journal = CERN-ACC-NOTE-2013-0041, 15 May 2014. Rev 1.
}

@article{lhcRun2,
    title = "Operation and Configuration of the LHC in Run 2"
    author = J. Wenninger.
    journal = ERN-ACC-NOTE-2019-0007.
}

@article{bidon,
    title = "Steel Septum Magnets for the LHC beam injection and extraction"
    author = S.Bidon et al
    journal = Proceedings of EPAC 2002, Paris, France. Page 2514
}

@article{lhcDesignV1,
    title = "LHC Design Report Volume I: The LHC Main Ring"
    journal = Cite chapter 17, page 441
}

@article{lhcDesignV2,
    title = "LHC Design Report Volume II: The LHC infrastructure and general services"
    journal = Cite chapter 2, page 3
}

@article{pdgAccelSection,
    title = "Accelerator Physics of Colliders"
    author = W.-M. Yao et al,
    journal = Journal of Physics G 33, 1 (2006)
}

@article{lyndon,
    title = "The Large Hadron Collider"
    author = Lyndon Evans
    journal = 2007 New J. Phys. 9 335
}

@article{bruno,
    title = "Dispersion Suppression with Missing Magnets in a FODO Structure",
    author = "Bruno Autin.",
    journal = "June 1979 IEEE Transactions on Nuclear Science Vol NS-26 No. 3"
}


@article{boussard,
    title = "The LHC Superconducting RF System"
    author = D. Boussard and T. Linnecar,
    journal = 1999
}

@article{frascati,
    title = "The LHC Superconducting RF System"
    journal = 10.5170/CERN-1994-001.191 https://cds.cern.ch/record/398300/
}

@article{steinhagen,
    title = "Tune and chromaticity diagnostics",
    author = "R. J. Steinhagen",
    url = "https://cds.cern.ch/record/1213281/files/p317.pdf"
}

@article{beamdump,
    title = "A Large Diameter Entrance Window for the LHC Beam Dump Line",
    author = "Ad Presland, Daniel Garciaof the authors were members of the-Pozuelo Ramos, Brennan Goddard, J. Jimenez, R. Veness",
    url = "https://www.semanticscholar.org/paper/A-Large-Diameter-Entrance-Window-for-the-LHC-Beam-Presland-Ramos/9344cf28c4853af4c4db01bce19d264d99ed2198"
}

# ==================================================
# Sources for theory section
# ==================================================

@article{romao,
    title = "A resource for signs and Feynman disgrams of the Standard Model",
    author = "Jorge C. Romao and Jao P. Silva",
    date = "21 October 2012",
    eprint         = "1209.6213",
    archivePrefix  = "arXiv",
    journal="International Journal of Modern Physica A",
}

@article{pich,
    title = "THE STANDARD MODEL OF ELECTROWEAK INTERACTIONS",
    author = "A. Pich",
    date = "1 Feb 2005",
    eprint         = "0502010",
    archivePrefix  = "arXiv",
}


@article{quigg,
author = {Quigg, Chris},
year = {2009},
month = {08},
pages = {},
title = {LHC Physics Potential vs. Energy}
}

@article{ehrenfest,
    title = "In what way does it become manifest in the fundamental laws of physics that space has three dimensions?",
    author = "P. Ehrenfest,",
    journal="KNAW, Proceedings, 20 I, 1918, Amsterdam, 1918, pp. 200-209"
}

@article{tegmark-time,
    title = "On the dimensionality of spacetime",
    author = "Max Tegmark",
    date = 1997,
    journal=Class. Quantum Grav. 14 L69
}

@article{tegmark,
    title = "The Mathematical Universe",
    author = "Max Tegmark",
    date = 2007,
}

@article{pfeifer,
    title = "The Lie Algebras su(N): An Introduction",
    author = "Walter Pfeifer",
    date = 2003,
}

@article{robinson,
    title = "A Simple Introduction to Particle Physics",
    author = "Matthew B. Robinson, Karen R. Bland, Gerald B. Cleaver, Jay R. Dittmann",
    date = 2008,
}

@article{ibragimov,
    title = "Transformation Groups and Lie Algebras",
    author = "Nail H Ibragimov",
    date = 2013,
}

@article{bethke,
    title = "The 2009 World Average of $\alpha_s$",
    author = "Siegfried Bethke",
    date = 2009,
}

@article{wells,
    title = "Elementary Particle Physics",
    author = "James Wells",
    date = 2015,
}

@article{holloway,
    title = "How the barn was born",
    author = "M. G. Holloway, C. P. Baker",
    journal = Physics Today, 
    date = July 1972,
    url=https://physicstoday.scitation.org/doi/10.1063/1.3070918,
}


@article{hokim,
    title = "Elementary Particles and Their Interactions: Concepts and Phenomena",
    author = "http://vietsciences1.free.fr/vietscience/giaokhoa/vatly/vatlyluongtu/PhamXuanYem/QYbookCHAPT05.PDF",
# Springer-Verlag, Berlin, Heidelberg, New York (October 1998)
# xvi+661 Pages; 116 Figures, 36 Tables, and 102 Problems with Selected Solutions.
# ISBN 3-540-63667-6
}

@article{planck,
    title = "Planck 2015 results. XIII. Cosmological parameters",
    author = "Planck Collaboration",
}


# ==================================================
# Sources Higgs hmumu hmm
# ==================================================

@Booklet{ATLAS-CONF-2014-018,
    author         = "{ATLAS Collaboration}",
    title          = "{Tagging and suppression of pileup jets with the ATLAS detector}",
    howpublished   = "{ATLAS-CONF-2014-018}",
    url            = "https://cds.cern.ch/record/1700870",
    year           = "2014",
}
@Article{met,
    author         = "{ATLAS Collaboration}",
    title          = "Performance of missing transverse momentum reconstruction with the ATLAS detector using proton--proton collisions at $\sqrt{s}=13$ TeV",
    journal        = "Eur. Phys. J. C",
    volume         = "78",
    year           = "2018",
    pages          = "903",
    doi            = "10.1140/epjc/s10052-018-6288-9",
    reportNumber   = "CERN-EP-2017-274",
    eprint         = "1802.08168",
    archivePrefix  = "arXiv",
    primaryClass   = "hep-ex",
}


@article{xgboost,
    title = "XGBoost: A Scalable Tree Boosting System",
    author = "Tianqi Chen, Carlos Guestrin",
    date = August 2016,
    journal=Proceedings of the 22nd ACM SIGKDD International Conference on Knowledge Discovery and Data Mining,
    archivePrefix  = "arXiv",
    url="https://arxiv.org/abs/1603.02754",
}

@article{atlasHbb,
    title = "Observation of $H\to bb$ decays and VH production with the ATLAS detector",
    author = "The ATLAS Collaboration",
    date = "10 November 2018",
    journal="Phys. Lett. B 786 (2018) 59",
    eprint         = "1808.08238",
    archivePrefix  = "arXiv",
    url="https://arxiv.org/abs/1808.08238",
}

@article{atlasHcc,
    title = "Search for the Decay of the Higgs Boson to Charm Quarks with the ATLAS Experiment",
    author = "The ATLAS Collaboration",
    date = "22 May 2018",
    journal="Phys. Rev. Lett. 120 (2018) 211802",
    eprint         = "1802.04329",
    archivePrefix  = "arXiv",
    url="https://arxiv.org/abs/1802.04329",
}

@article{atlasTauTau,
    title = "Cross-section measurements of the Higgs boson decaying into a pair of tau-leptons in proton-proton collisions at $\sqrt{s}=14$ TeV with the ATLAS detector",
    author = "The ATLAS Collaboration",
    date = "10 April 2019",
    journal="Phys. Rev. D 99, 072001 (2019)",
    eprint         = "1811.08856",
    archivePrefix  = "arXiv",
    url="https://arxiv.org/abs/1811.08856",
}

@article{cmsTauTau,
    title = "Observation of the Higgs boson decay to a pair of tau leptons with the CMS detector",
    author = "The CMS Collaboration",
    date = "10 April 2018",
    journal="Phys. Lett. B 779 (2018) 283",
    eprint         = "1708.00373",
    archivePrefix  = "arXiv",
}

@article{atlasHComb,
    title = "A combination of measurements of Higgs boson production and decay using up to 139 fb$^{-1}$ of proton--proton collision data at $\sqrt{s}=$13 TeV collected with the ATLAS experiment",
    author = "The ATLAS Collaboration",
    date = 03 Aug 2020,
    url="http://cdsweb.cern.ch/record/2725733",
}

@article{atlashiggs,
    title = "Observation of a New Particle in the Search for the Standard Model Higgs Boson with the ATLAS Detector at the LHC",
    author = "The ATLAS Collaboration",
    date = 17 September 2012,
    url="https://arxiv.org/pdf/1207.7214.pdf",
}

@article{cmshiggs,
    title = "Observation of a new boson at a mass of 125 GeV with the CMS experiment at the LHC",
    author = "The CMS Collaboration",
    journal=Phys. Lett. B 716 (2012) 30,
    date = 17 September 2012,
}


@article{cmsHmm,
    collaboration = "CMS",
    title = "{Measurement of Higgs boson decay to a pair of muons in proton-proton collisions at $\sqrt{s}=13\,\mathrm{TeV}$}",
    reportNumber = "CMS-PAS-HIG-19-006",
    month = "7",
    year = "2020"
}

@Article{cmsWidth,
    author         = "{CMS Collaboration}",
    title          = "{Measurements of the Higgs boson width and anomalous HVV couplings from on-shell and off-shell production in the four-lepton final state}",
    year           = "2019",
    reportNumber   = "CERN-EP-2018-329",
    eprint         = "1901.00174",
    archivePrefix  = "arXiv",
    primaryClass   = "hep-ex",
}


# ==================================================
# Sources CI 
# ==================================================

@book{peskin,
    title = "An Introduction to Quantum Field Theory",
    author = "Michael E. Peskin and Daniel V. Schroeder",
    date = 1995,
  publisher = {CRC Press},
}

@article{eichten,
    title = "New Tests for Quark and Lepton Substructure",
    author = "Estia J. Eichten, Kenneth D. Lane, Michael E. Peskin",
    journal = PRL,
    date = March 14 1983,
}


@Article{EXOT-2015-07,
    author         = "ATLAS Collaboration",
    title          = "Search for high-mass new phenomena in the dilepton final state using proton--proton collisions at $\sqrt{s}=13$ TeV with the ATLAS detector",
    journal        = "Phys. Lett. B",
    volume         = "761",
    year           = "2016",
    pages          = "372",
    doi            = "10.1016/j.physletb.2016.08.055",
    reportNumber   = "CERN-EP-2016-116",
    eprint         = "1607.03669",
    archivePrefix  = "arXiv",
    primaryClass   = "hep-ex",
}

@article{acosta,
    title = "Contact Interactions at the LHC",
    author = "Monica L. Vazquez Acosta",
    date = 17 September 2007,
    eprint="0709.2518",
    archivePrefix  = "arXiv",
}

@article{read,
    title = "Presentation of search results: the CL$_s$ technique",
    author = "A L Read",
    date = March 1994,
    journal = "JOURNAL OF PHYSICS G: NUCLEAR AND PARTICLE PHYSICS",
    url="https://indico.cern.ch/event/398949/attachments/799330/1095613/The_CLs_Technique.pdf",
}

@article{minuit,
    title = "MINUIT",
    author = "Fred James",
    date = March 1994,
    url="https://root.cern.ch/download/minuit.pdf",
}

@misc{CERNYellowReport4,
     title  = "LHC Higgs Cross Section Working Group: Production cross sections and decay BRs for RUN-2",
     url    = "https://twiki.cern.ch/twiki/bin/view/LHCPhysics/LHCHXSWG#XsbrAnchor"
}

@article{LUCID2,
  author={G. Avoni and others},
  title={The new LUCID-2 detector for luminosity measurement and monitoring in ATLAS},
  journal={JINST},
  volume={13},
  number={07},
  pages={P07017},
  doi="10.1088/1748-0221/13/07/P07017",
  year={2018},
}


# In this block: need to read
@article{Martin:2005pi,
        author         = "Martin, A. D. and R. G. Roberts and Stirling, W.J. and Thorne, R. S.",
        title          = "{Parton distributions incorporating QED contributions}",
        journal        = "Eur. Phys. J. C",
        volume         = "39",
        pages          = "155",
        doi            = "10.1140/epjc/s2004-02088-7",
        year           = "2005",
        eprint         = "hep-ph/0411040",
        archivePrefix  = "arXiv",
		  reportNumber = "IPPP-04-62, DCPT-04-124, CAVENDISH-HEP-2004-28",
}
@article{Aad:2019fac,
      author         = "{ATLAS Collaboration}",
      title          = "{Search for high-mass dilepton resonances using 139
                        fb$^{-1}$ of $pp$ collision data collected at
                        $\sqrt{s}=$13 TeV with the ATLAS detector}",
      collaboration  = "ATLAS",
      journal        = "Phys. Lett. B",
      volume         = "796",
      year           = "2019",
      pages          = "68-87",
      doi            = "10.1016/j.physletb.2019.07.016",
      eprint         = "1903.06248",
      archivePrefix  = "arXiv",
      primaryClass   = "hep-ex",
      reportNumber   = "CERN-EP-2019-030",
      SLACcitation   = "%%CITATION = ARXIV:1903.06248;%%"
}
@Booklet{ATLAS-CONF-2019-021,
    author         = "{ATLAS Collaboration}",
    title          = "{Luminosity determination in $pp$ collisions at
                       $\sqrt{s}=13$ TeV using the ATLAS detector at the LHC}",
    howpublished   = "{ATLAS-CONF-2019-021}",
    url            = "http://cds.cern.ch/record/2677054",
    year           = "2019",
}
@Booklet{ATL-PHYS-PUB-2016-002,
    author         = "{ATLAS Collaboration}",
    title          = "Multi-boson simulation for 13 TeV ATLAS analyses",
    howpublished   = "{ATL-PHYS-PUB-2016-002}",
    url            = "https://cds.cern.ch/record/2119986",
    year           = "2016",
}
@Booklet{ATL-PHYS-PUB-2016-003,
    author         = "{ATLAS Collaboration}",
    title          = "Monte Carlo Generators for the Production of a $W$ or $Z/\gamma^*$ Boson in Association with Jets at ATLAS in Run 2",
    howpublished   = "{ATL-PHYS-PUB-2016-003}",
    url            = "https://cds.cern.ch/record/2120133",
    year           = "2016",
}
@article{vrap,
      author         = "Anastasiou, Charalampos and Dixon, Lance J. and Melnikov,
                        Kirill and Petriello, Frank",
      title          = "{High-precision QCD at hadron colliders: Electroweak gauge boson rapidity distributions at next-to-next-to leading order}",
      journal        = "Phys. Rev. D",
      volume         = "69",
      year           = "2004",
      pages          = "094008",
      doi            = "10.1103/PhysRevD.69.094008",
      eprint         = "hep-ph/0312266",
      archivePrefix  = "arXiv",
      reportNumber   = "SLAC-PUB-10288, UH-511-1042-03",
      SLACcitation   = "%%CITATION = HEP-PH/0312266;%%"
}
@article{CT14,
      author         = "Dulat, Sayipjamal and Hou, Tie-Jiun and Gao, Jun and
                        Guzzi, Marco and Huston, Joey and Nadolsky, Pavel and
                        Pumplin, Jon and Schmidt, Carl and Stump, Daniel and Yuan,
                        C. P.",
      title          = "{New parton distribution functions from a global analysis
                        of quantum chromodynamics}",
      journal        = "Phys. Rev. D",
      volume         = "93",
      year           = "2016",
      number         = "3",
      pages          = "033006",
      doi            = "10.1103/PhysRevD.93.033006",
      eprint         = "1506.07443",
      archivePrefix  = "arXiv",
      primaryClass   = "hep-ph",
      SLACcitation   = "%%CITATION = ARXIV:1506.07443;%%"
}
@article{MCSANC,
      author         = "Arbuzov, A. and Bardin, D. and Bondarenko, S. and
                        Christova, P. and Kalinovskaya, L. and Klein, U. and
                        Kolesnikov, V. and Rumyantsev, L. and Sadykov, R. and
                        Sapronov, A.",
      title          = "{Update of the MCSANC Monte Carlo integrator, v. 1.20}",
      journal        = "JETP Lett.",
      volume         = "103",
      year           = "2016",
      number         = "2",
      pages          = "131-136",
      doi            = "10.1134/S0021364016020041",
      eprint         = "1509.03052",
      archivePrefix  = "arXiv",
      primaryClass   = "hep-ph",
      SLACcitation   = "%%CITATION = ARXIV:1509.03052;%%"
}
@Article{SOFT-2010-01,
    author         = "{ATLAS Collaboration}",
    title          = "{The ATLAS Simulation Infrastructure}",
    journal        = "Eur. Phys. J. C",
    volume         = "70",
    year           = "2010",
    pages          = "823",
    doi            = "10.1140/epjc/s10052-010-1429-9",
    eprint         = "1005.4568",
    archivePrefix  = "arXiv",
    primaryClass   = "physics.ins-det",
}
@article{Czakon:2011xx,
      author         = "Czakon, Michal and Mitov, Alexander",
      title          = "{Top++: A program for the calculation of the top-pair
                        cross-section at hadron colliders}",
      journal        = "Comput. Phys. Commun.",
      volume         = "185",
      year           = "2014",
      pages          = "2930",
      doi            = "10.1016/j.cpc.2014.06.021",
      eprint         = "1112.5675",
      archivePrefix  = "arXiv",
      primaryClass   = "hep-ph",
      reportNumber   = "CERN-PH-TH-2011-303, TTK-11-58",
      SLACcitation   = "%%CITATION = ARXIV:1112.5675;%%"
}
@article{geant,
author         = "Agostinelli, S. and others",
title          = "{GEANT 4 -- a simulation toolkit}",
collaboration  = "GEANT4",
journal        = "Nucl. Instrum. Meth. A",
volume         = "506",
pages          = "250",
doi            = "10.1016/S0168-9002(03)01368-8",
year           = "2003",
}
@Booklet{ATL-PHYS-PUB-2016-017,
    author         = "{ATLAS Collaboration}",
    title          = "{The Pythia~8 A3 tune description of ATLAS minimum bias and inelastic measurements incorporating the Donnachie--Landshoff diffractive model}",
    howpublished   = "{ATL-PHYS-PUB-2016-017}",
    url            = "https://cds.cern.ch/record/2206965",
    year           = "2016",
}
@Booklet{ATL-PHYS-PUB-2016-020,
    author         = "{ATLAS Collaboration}",
    title          = "{Studies on top-quark Monte Carlo modelling for Top2016}",
    howpublished   = "{ATL-PHYS-PUB-2016-020}",
    url            = "https://cds.cern.ch/record/2216168",
    year           = "2016",
}






@Article{Aad:2012hf,
      author         = "{ATLAS Collaboration}",
      title          = "{Search for high-mass resonances decaying to dilepton
                        final states in $pp$ collisions at $\sqrt{s}=7$~TeV with the
                        ATLAS detector}",
      collaboration  = "ATLAS",
      journal        = "JHEP",
      volume         = "11",
      year           = "2012",
      pages          = "138",
      doi            = "10.1007/JHEP11(2012)138",
      eprint         = "1209.2535",
      archivePrefix  = "arXiv",
      primaryClass   = "hep-ex",
      reportNumber   = "CERN-PH-EP-2012-190",
      SLACcitation   = "%%CITATION = ARXIV:1209.2535;%%"
}

@article{Abdallah:2008ab,
      author         = "Abdallah, J. and others",
      title          = "{A Study of $b \overline{b}$ Production in $e^+e^-$ Collisions at
                        $\sqrt{s}$ = 130-GeV - 207-GeV}",
      collaboration  = "DELPHI",
      journal        = "Eur. Phys. J.",
      volume         = "C 60",
      pages          = "1-15",
      doi            = "10.1140/epjc/s10052-009-0917-2",
      year           = "2009",
      eprint         = "0901.4461",
      archivePrefix  = "arXiv",
      primaryClass   = "hep-ex",
      reportNumber   = "CERN-PH-EP-2008-018",
      SLACcitation   = "%%CITATION = ARXIV:0901.4461;%%",
}

@article{Aaboud:2016cth,
      author         = "Aaboud, Morad and others",
      title          = "{Search for high-mass new phenomena in the dilepton final
                        state using proton-proton collisions at $\sqrt{s}=13$ TeV
                        with the ATLAS detector}",
      collaboration  = "ATLAS",
      journal        = "Phys. Lett.",
      volume         = "B761",
      year           = "2016",
      pages          = "372-392",
      doi            = "10.1016/j.physletb.2016.08.055",
      eprint         = "1607.03669",
      archivePrefix  = "arXiv",
      primaryClass   = "hep-ex",
      reportNumber   = "CERN-EP-2016-116",
      SLACcitation   = "%%CITATION = ARXIV:1607.03669;%%"
}

@article{Schael:2006wu,
      author         = "Schael, S. and others",
      title          = "{Fermion pair production in $e^{+} e^{-}$ collisions at
                        189-209-GeV and constraints on physics beyond the standard
                        model}",
      collaboration  = "ALEPH",
      journal        = "Eur. Phys. J.",
      volume         = "C 49",
      pages          = "411-437",
      doi            = "10.1140/epjc/s10052-006-0156-8",
      year           = "2007",
      eprint         = "hep-ex/0609051",
      archivePrefix  = "arXiv",
      SLACcitation   = "%%CITATION = HEP-EX/0609051;%%",
}



@Article{EXOT-2016-05,
    author         = "{ATLAS Collaboration}",
    title          = "Search for new high-mass phenomena in the dilepton final state using 36 fb$^{-1}$ of proton--proton collision data at $\sqrt{s} = 13\,\text{TeV}$ with the ATLAS detector",
    journal        = "JHEP",
    volume         = "10",
    year           = "2017",
    pages          = "182",
    doi            = "10.1007/JHEP10(2017)182",
    reportNumber   = "CERN-EP-2017-119",
    eprint         = "1707.02424",
    archivePrefix  = "arXiv",
    primaryClass   = "hep-ex",
}

@article{Aad:2014wca,
      author         = "{ATLAS Collaboration}",
      title          = "{Search for contact interactions and large extra
                        dimensions in the dilepton channel using proton-proton
                        collisions at $\sqrt{s}$ = 8 TeV with the ATLAS detector}",
      collaboration  = "ATLAS",
      journal        = "Eur. Phys. J.",
      volume         = "C74",
      year           = "2014",
      number         = "12",
      pages          = "3134",
      doi            = "10.1140/epjc/s10052-014-3134-6",
      eprint         = "1407.2410",
      archivePrefix  = "arXiv",
      primaryClass   = "hep-ex",
      reportNumber   = "CERN-PH-EP-2014-135",
      SLACcitation   = "%%CITATION = ARXIV:1407.2410;%%"
}

@article{Khachatryan:2014fba,
      author         = "{CMS Collaboration}",
      title          = "{Search for physics beyond the standard model in dilepton
                        mass spectra in proton-proton collisions at $\sqrt{s}=8$
                        TeV}",
      collaboration  = "CMS",
      journal        = "JHEP",
      volume         = "04",
      year           = "2015",
      pages          = "025",
      doi            = "10.1007/JHEP04(2015)025",
      eprint         = "1412.6302",
      archivePrefix  = "arXiv",
      primaryClass   = "hep-ex",
      reportNumber   = "CMS-EXO-12-061, CERN-PH-EP-2014-272",
      SLACcitation   = "%%CITATION = ARXIV:1412.6302;%%"
}

@Article{Abulencia:2006iv,
      author         = "Abulencia, A. and others",
      title          = "{Search for $Z^\prime \to e^+ e^-$ using dielectron mass
                        and angular distribution.}",
      collaboration  = "CDF",
      journal        = "Phys. Rev. Lett.",
      volume         = "96",
      pages          = "211801",
      doi            = "10.1103/PhysRevLett.96.211801",
      year           = "2006",
      eprint         = "hep-ex/0602045",
      archivePrefix  = "arXiv",
      reportNumber   = "FERMILAB-PUB-06-038-E",
      SLACcitation   = "%%CITATION = HEP-EX/0602045;%%",
}

@article{Fermi:1934hr,
      author         = "Fermi, E.",
      title          = "{An attempt of a theory of beta radiation. 1.}",
      journal        = "Z.Phys.",
      volume         = "88",
      pages          = "161-177",
      doi            = "10.1007/BF01351864",
      year           = "1934",
      reportNumber   = "UCRL-TRANS-726",
      SLACcitation   = "%%CITATION = ZEPYA,88,161;%%",
}

@article{Eichten:1984eu,
      author         = "Eichten, E. and Hinchliffe, I. and Lane, Kenneth D. and
                        Quigg, C.",
      title          = "{Super Collider Physics}",
      journal        = "Rev.Mod.Phys.",
      volume         = "56",
      pages          = "579-707",
      doi            = "10.1103/RevModPhys.56.579, 10.1103/RevModPhys.58.1065",
      year           = "1984",
      reportNumber   = "FERMILAB-PUB-84-017-T, LBL-16875, DOE-ER-01545-345",
      SLACcitation   = "%%CITATION = RMPHA,56,579;%%",
}

@Article{EXOT-2013-19,
    author         = "ATLAS Collaboration",
    title          = "Search for contact interactions and large extra dimensions in the dilepton channel using proton--proton collisions at $\sqrt{s} = 8\,\text{TeV}$  with the ATLAS detector",
    journal        = "Eur. Phys. J. C",
    volume         = "74",
    year           = "2014",
    pages          = "3134",
    doi            = "10.1140/epjc/s10052-014-3134-6",
    reportNumber   = "CERN-PH-EP-2014-135",
    eprint         = "1407.2410",
    archivePrefix  = "arXiv",
    primaryClass   = "hep-ex",
}

@Article{EXOT-2012-17,
    author         = "ATLAS Collaboration",
    title          = "Search for contact interactions and large extra dimensions in dilepton events from $pp$   collisions at  $\sqrt{s} = 7\,\text{TeV}$  with the ATLAS detector",
    journal        = "Phys. Rev. D",
    volume         = "87",
    year           = "2013",
    pages          = "015010",
    doi            = "10.1103/PhysRevD.87.015010",
    reportNumber   = "CERN-PH-EP-2012-279",
    eprint         = "1211.1150",
    archivePrefix  = "arXiv",
    primaryClass   = "hep-ex",
}



@Article{Abdallah:2008ab,
      author         = "Abdallah, J. and others",
      title          = "{A Study of $b \overline{b}$ Production in $e^+e^-$ Collisions at $\sqrt{s}$ = 130-GeV - 207-GeV}",
      collaboration  = "DELPHI",
      journal        = "Eur. Phys. J.",
      volume         = "C 60",
      pages          = "1-15",
      doi            = "10.1140/epjc/s10052-009-0917-2",
      year           = "2009",
      eprint         = "0901.4461",
      archivePrefix  = "arXiv",
      primaryClass   = "hep-ex",
      reportNumber   = "CERN-PH-EP-2008-018",
      SLACcitation   = "%%CITATION = ARXIV:0901.4461;%%",
}

@article{Aaron:2011mv,
      author         = "Aaron, F.D. and others",
      title          = "{Search for Contact Interactions in $e^{\pm}p$ Collisions
                        at HERA}",
      collaboration  = "H1",
      journal        = "Phys. Lett.",
      volume         = "B 705",
      pages          = "52-58",
      doi            = "10.1016/j.physletb.2011.09.109",
      year           = "2011",
      eprint         = "1107.2478",
      archivePrefix  = "arXiv",
      primaryClass   = "hep-ex",
      reportNumber   = "DESY-11-114",
      SLACcitation   = "%%CITATION = ARXIV:1107.2478;%%",
}


@Article{Abazov:2009ac,
      author         = "Abazov, V.M. and others",
      title          = "{Measurement of dijet angular distributions at $\sqrt{s}$~=
                        1.96-TeV and searches for quark compositeness and extra
                        spatial dimensions}",
      collaboration  = "D0",
      journal        = "Phys. Rev. Lett.",
      volume         = "103",
      pages          = "191803",
      doi            = "10.1103/PhysRevLett.103.191803",
      year           = "2009",
      eprint         = "0906.4819",
      archivePrefix  = "arXiv",
      primaryClass   = "hep-ex",
      reportNumber   = "FERMILAB-PUB-09-326-E",
      SLACcitation   = "%%CITATION = ARXIV:0906.4819;%%",
}


@Article{Anthony:2005pm,
      author         = "Anthony, P.L. and others",
      title          = "{Precision measurement of the weak mixing angle in Moller
                        scattering}",
      collaboration  = "SLAC E158",
      journal        = "Phys. Rev. Lett.",
      volume         = "95",
      pages          = "081601",
      doi            = "10.1103/PhysRevLett.95.081601",
      year           = "2005",
      eprint         = "hep-ex/0504049",
      archivePrefix  = "arXiv",
      primaryClass   = "hep-ex",
      reportNumber   = "SLAC-PUB-11149",
      SLACcitation   = "%%CITATION = HEP-EX/0504049;%%",
}



@Article{jpsiBnl,
  title = {Experimental Observation of a Heavy Particle $J$},
  author = {Aubert, J. J. and others},
  journal = {Phys. Rev. Lett.},
  volume = {33},
  pages = {1404--1406},
  numpages = {0},
  year = {1974},
  month = {Dec},
  publisher = {American Physical Society},
  doi = {10.1103/PhysRevLett.33.1404}
}

@Article{jpsiSlac,
  title = {Discovery of a Narrow Resonance in ${e}^{+}{e}^{-}$ Annihilation},
  author = {Augustin, J. E. and others},
  journal = {Phys. Rev. Lett.},
  volume = {33},
  pages = {1406--1408},
  numpages = {0},
  year = {1974},
  month = {Dec},
  publisher = {American Physical Society},
  doi = {10.1103/PhysRevLett.33.1406}
}

@Article{z0ua1,
author = "{UA1 Collaboration}",
collaboration = "UA1 Collaboration",
title = "Experimental observation of lepton pairs of invariant mass around 95$\,$GeV/c$^2$ at the CERN SPS collider",
journal = "Phys. Lett. B",
volume = "126",
number = "5",
pages = "398 - 410",
year = "1983",
note = "",
issn = "0370-2693",
doi = "10.1016/0370-2693(83)90188-0"
}

@Article{z0ua2,
author = "{UA2 Collaboration}",
collaboration = "UA2 Collaboration",
title = "Evidence for $Z^0\rightarrow e^+e^-$ at the CERN pp collider",
journal = "Phys. Lett. B",
volume = "129",
number = "1",
pages = "130 - 140",
year = "1983",
note = "",
issn = "0370-2693",
doi = "10.1016/0370-2693(83)90744-X"
}

@Article{upsilon,
   author = {{Herb}, S.~W. and others},
    title = "{Observation of a Dimuon Resonance at 9.5 GeV in 400-GeV Proton-Nucleus Collisions}",
  journal = {Phys. Rev. Lett.},
     year = 1977,
    month = aug,
   volume = 39,
    pages = {252-255},
      doi = {10.1103/PhysRevLett.39.252}
}



# ==================================================
# Sources Prelim
# ==================================================

@Article{det-antiktjet,
    title = "The anti-kt jet clustering algorithm "
    url="https://arxiv.org/pdf/0802.1189.pdf"
}

@article{det-lhchiggshandbook,
    title = "Handbook of LHC Higgs cross sections: 3. Higgs Properties "
    url="https://arxiv.org/abs/1307.1347"
}

@article{det-muon,
    title = "Muon Shift General Introduction "
    url="sir.cern.ch"
}

@article{det-id,
    title = "ATLAS inner detector : Technical Design Report, "
    url="https://cds.cern.ch/record/331063?ln=en"
}

@article{det-silicon,
    title = ""
    url="https://www.hephy.at/fileadmin/user_upload/Halbleiterdetektoren.pdf"
}

@article{det-tile,
    title = "ATLAS tile calorimeter : Technical Design Report "
    url="https://cds.cern.ch/record/331062"
}

@article{det-lar,
    title = "ATLAS liquid-argon calorimeter : Technical Design Report "
    url="https://cds.cern.ch/record/331061?ln=en"
}

