# % Put you own bibliography entries in this file
# @article{Aad:2016zzw,
#       author         = "{ATLAS Collaboration}",
#       title          = "{Measurement of the double-differential high-mass
#                         Drell-Yan cross section in pp collisions at $ \sqrt{s}=8 $
#                         TeV with the ATLAS detector}",
#       collaboration  = "ATLAS",
#       journal        = "JHEP",
#       volume         = "08",
#       year           = "2016",
#       pages          = "009",
#       doi            = "10.1007/JHEP08(2016)009",
#       eprint         = "1606.01736",
#       archivePrefix  = "arXiv",
#       primaryClass   = "hep-ex",
#       reportNumber   = "CERN-EP-2016-079",
#       SLACcitation   = "%%CITATION = ARXIV:1606.01736;%%"
# }

# ==================================================
# Sources for LHC section
# ==================================================

@article{fuchsberger,
    title = "LHC online chromaticity measurement - experience after one year of operation"
    author = K. Fuchsberger, G.H. Hemelsoet
    journal = Proceedings of IBIC2016, Barcelona, Spain
}


@article{freyermuth,
    title = "LHC Report: Imaginative Injectors"
    author = Pierre Freyermuth for the LHC team.
    journal = CERN Bulletin, Issue No. 30-32/2016 - Monday 25 July 2016 \url{https://cds.cern.ch/journal/CERNBulletin/2016/32/News%20Articles/2201549?ln=en}
}

@article{gorzawski,
    title = "Luminosity Anti-leveling with Crossing Angle"
    author = A. Gorzawski, et al
    journal = CERN-ACC-NOTE-2016-0058 October 24 2016
}

@article{lhcRun1,
    title = "Operation and Configuration of the LHC in Run 1"
    author = R. Alemany-Fernandez et al.
    journal = CERN-ACC-NOTE-2013-0041, 15 May 2014. Rev 1.
}

@article{lhcRun2,
    title = "Operation and Configuration of the LHC in Run 2"
    author = J. Wenninger.
    journal = ERN-ACC-NOTE-2019-0007.
}

@article{bidon,
    title = "Steel Septum Magnets for the LHC beam injection and extraction"
    author = S.Bidon et al
    journal = Proceedings of EPAC 2002, Paris, France. Page 2514
}

@article{lhcDesignV1,
    title = "LHC Design Report Volume I: The LHC Main Ring"
    journal = Cite chapter 17, page 441
}

@article{lhcDesignV2,
    title = "LHC Design Report Volume II: The LHC infrastructure and general services"
    journal = Cite chapter 2, page 3
}

@article{pdgAccelSection,
    title = "Accelerator Physics of Colliders"
    author = W.-M. Yao et al,
    journal = Journal of Physics G 33, 1 (2006)
}

@article{lyndon,
    title = "The Large Hadron Collider"
    author = Lyndon Evans
    journal = 2007 New J. Phys. 9 335
}

@article{bruno,
    title = "Dispersion Suppression with Missing Magnets in a FODO Structure"
    author = Bruno Autin.
    journal = June 1979 IEEE Transactions on Nuclear Science, Vol NS-26, No. 3
}

@article{boussard,
    title = "The LHC Superconducting RF System"
    author = D. Boussard and T. Linnecar,
    journal = 1999
}

@article{frascati,
    title = "The LHC Superconducting RF System"
    journal = 10.5170/CERN-1994-001.191 https://cds.cern.ch/record/398300/
}

# ==================================================
# Sources for theory section
# ==================================================

@article{tegmark,
    title = "The Mathematical Universe",
    author = "Max Tegmark",
    date = 2007,
}

@article{pfeifer,
    title = "The Lie Algebras su(N): An Introduction",
    author = "Walter Pfeifer",
    date = 2003,
}

@article{robinson,
    title = "A Simple Introduction to Particle Physics",
    author = "Matthew B. Robinson, Karen R. Bland, Gerald B. Cleaver, Jay R. Dittmann",
    date = 2008,
}

@article{ibragimov,
    title = "Transformation Groups and Lie Algebras",
    author = "Nail H Ibragimov",
    date = 2013,
}

@article{bethke,
    title = "The 2009 World Average of $\alpha_s$",
    author = "Siegfried Bethke",
    date = 2009,
}

@article{wells,
    title = "Elementary Particle Physics",
    author = "James Wells",
    date = 2015,
}

@article{holloway,
    title = "How the barn was born",
    author = "M. G. Holloway, C. P. Baker",
    journal = Physics Today, 
    date = July 1972,
https://physicstoday.scitation.org/doi/10.1063/1.3070918
}

@article{eichten,
    title = "New Tests for Quark and Lepton Substructure",
    author = "Estia J. Eichten, Kenneth D. Lane, Michael E. Peskin",
    journal = PRL,
    date = March 14 1983,
}

@article{hokim,
    title = "Elementary Particles and Their Interactions: Concepts and Phenomena",
    author = "http://vietsciences1.free.fr/vietscience/giaokhoa/vatly/vatlyluongtu/PhamXuanYem/QYbookCHAPT05.PDF",
# Springer-Verlag, Berlin, Heidelberg, New York (October 1998)
# xvi+661 Pages; 116 Figures, 36 Tables, and 102 Problems with Selected Solutions.
# ISBN 3-540-63667-6
}

